@article{sharpe1964capital,
  title={Capital asset prices: A theory of market equilibrium under conditions of risk},
  author={Sharpe, William F},
  journal={The journal of finance},
  volume={19},
  number={3},
  pages={425--442},
  year={1964},
  publisher={Wiley Online Library}
}
@article{lintner1965valuation,
  title={The valuation of risk assets and the selection of risky investments in stock portfolios and capital budgets},
  author={Lintner, John},
  journal={The Review of Economics and Statistics},
  pages={13--37},
  year={1965},
  publisher={JSTOR}
}
@article{fama1992cross,
  title={The cross-section of expected stock returns},
  author={Fama, Eugene F and French, Kenneth R},
  journal={Journal of Finance},
  volume={47},
  number={2},
  pages={427--465},
  year={1992},
  publisher={Wiley Online Library}
}
@article{fama1993common,
  title={Common risk factors in the returns on stocks and bonds},
  author={Fama, Eugene F and French, Kenneth R},
  journal={Journal of Financial Economics},
  volume={33},
  number={1},
  pages={3--56},
  year={1993},
  publisher={Elsevier}
}
@article{fama2015five,
  title={A five-factor asset pricing model},
  author={Fama, Eugene F and French, Kenneth R},
  journal={Journal of Financial Economics},
  volume={116},
  number={1},
  pages={1--22},
  year={2015},
  publisher={Elsevier}
}
@article{stambaugh2003liquidity,
  title={Liquidity Risk and Expected Stock Returns},
  author={Stambaugh, Robert F},
  journal={Journal of Political Economy},
  volume={111},
  number={3},
  year={2003},
  publisher={Citeseer}
}
@article{carhart1997persistence,
  title={On persistence in mutual fund performance},
  author={Carhart, Mark M},
  journal={The Journal of Finance},
  volume={52},
  number={1},
  pages={57--82},
  year={1997},
  publisher={Wiley Online Library}
}
@article{hou2014digesting,
  title={Digesting anomalies: An investment approach},
  author={Hou, Kewei and Xue, Chen and Zhang, Lu},
  journal={Review of Financial Studies},
  pages={hhu068},
  year={2014},
  publisher={Soc Financial Studies}
}
@article{frazzini2014betting,
  title={Betting against beta},
  author={Frazzini, Andrea and Pedersen, Lasse Heje},
  journal={Journal of Financial Economics},
  volume={111},
  number={1},
  pages={1--25},
  year={2014},
  publisher={Elsevier}
}
@article{asness2014quality,
  title={Quality minus junk},
  author={Asness, Clifford S and Frazzini, Andrea and Pedersen, Lasse Heje},
  journal={Available at SSRN 2312432},
  year={2014}
}
@article{asness2013devil,
  title={The {Devil} in {HML's} details},
  author={Asness, Clifford and Frazzini, Andrea},
  journal={Journal of Portfolio Management},
  volume={39},
  number={4},
  pages={49},
  year={2013},
  publisher={Euromoney Institutional Investor PLC}
}
@article{novy2013other,
  title={The other side of value: The gross profitability premium},
  author={Novy-Marx, Robert},
  journal={Journal of Financial Economics},
  volume={108},
  number={1},
  pages={1--28},
  year={2013},
  publisher={Elsevier}
}
@article{hirshleifer2010financing,
  title={A financing-based misvaluation factor and the cross-section of expected returns},
  author={Hirshleifer, David and Jiang, Danling},
  journal={Review of Financial Studies},
  volume={23},
  number={9},
  pages={3401--3436},
  year={2010},
  publisher={Soc Financial Studies}
}
@article{easley2010factoring,
  title={Factoring Information into Returns},
  author={Easley, David and Hvidkjaer, Soeren and Oâ€™Hara, Maureen and others},
  journal={Journal of Financial and Quantitative Analysis},
  volume={45},
  number={02},
  pages={293--309},
  year={2010},
  publisher={Cambridge University Press}
}
@article{chordia2006earnings,
  title={Earnings and price momentum},
  author={Chordia, Tarun and Shivakumar, Lakshmanan},
  journal={Journal of financial economics},
  volume={80},
  number={3},
  pages={627--656},
  year={2006},
  publisher={Elsevier}
}
@article{harvey2000conditional,
  title={Conditional skewness in asset pricing tests},
  author={Harvey, Campbell R and Siddique, Akhtar},
  journal={Journal of Finance},
  volume={55},
  number={3},
  pages={1263--1295},
  year={2000},
  publisher={Wiley Online Library}
}
@techreport{hou2014comparison,
  title={A comparison of new factor models},
  author={Hou, Kewei and Xue, Chen and Zhang, Lu},
  year={2014},
  institution={National Bureau of Economic Research}
}
@article{gibbons1989test,
  title={A test of the efficiency of a given portfolio},
  author={Gibbons, Michael R and Ross, Stephen A and Shanken, Jay},
  journal={Econometrica: Journal of the Econometric Society},
  pages={1121--1152},
  year={1989},
  publisher={JSTOR}
}
@article{harvey2015lucky,
  title={Lucky factors},
  author={Harvey, Campbell R and Liu, Yan},
  journal={Available at SSRN 2528780},
  year={2015}
}
@article{harvey2015and,
  title={{...} And the cross-section of expected returns},
  author={Harvey, Campbell R and Liu, Yan and Zhu, Heqing},
  journal={Review of Financial Studies},
  pages={hhv059},
  year={2015},
  publisher={Soc Financial Studies}
}
@techreport{barillas2015alpha,
  title={Which Alpha?},
  author={Barillas, Francisco and Shanken, Jay},
  year={2015},
  institution={National Bureau of Economic Research}
}
@article{harvey2015and,
  title={... And the cross-section of expected returns},
  author={Harvey, Campbell R and Liu, Yan and Zhu, Heqing},
  journal={Review of Financial Studies},
  pages={hhv059},
  year={2015},
  publisher={Soc Financial Studies}
}
# bayesian model selection
@techreport{barillas2015comparing,
  title={Comparing Asset Pricing Models},
  author={Barillas, Francisco and Shanken, Jay},
  year={2015},
  institution={National Bureau of Economic Research}
}

# predictability
@article{avramov2002stock,
  title={Stock return predictability and model uncertainty},
  author={Avramov, Doron},
  journal={Journal of Financial Economics},
  volume={64},
  number={3},
  pages={423--458},
  year={2002},
  publisher={Elsevier}
}
@article{cremers2002stock,
  title={Stock return predictability: A {Bayesian} model selection perspective},
  author={Cremers, KJ Martijn},
  journal={Review of Financial Studies},
  volume={15},
  number={4},
  pages={1223--1249},
  year={2002},
  publisher={Soc Financial Studies}
}
# BMA
@article{maltritz2013analyzing,
  title={Analyzing determinants of bond yield spreads with {Bayesian} Model Averaging},
  author={Maltritz, Dominik and Molchanov, Alexander},
  journal={Journal of Banking \& Finance},
  volume={37},
  number={12},
  pages={5275--5284},
  year={2013},
  publisher={Elsevier}
}
@article{turner2015casting,
  title={Casting Doubt on the Predictability of Stock Returns in Real Time: {Bayesian} Model Averaging using Realistic Priors},
  author={Turner, James A},
  journal={Review of Finance},
  volume={19},
  number={2},
  pages={785--821},
  year={2015},
  publisher={Oxford University Press}
}
@inproceedings{tang2003asset,
  title={Asset return predictability and Bayesian model averaging},
  author={Tang, Dragon Yongjun},
  booktitle={14th Annual Conference on Financial Economics and Accounting (FEA)},
  year={2003}
}
# review
@article{jacquier2011bayesian,
  title={Bayesian methods in finance},
  author={Jacquier, Eric and Polson, Nicholas},
  year={2011}
}
# portfolio optimization
@article{avramov2010bayesian,
  title={Bayesian portfolio analysis},
  author={Avramov, Doron and Zhou, Guofu},
  journal={Annu. Rev. Financ. Econ.},
  volume={2},
  number={1},
  pages={25--47},
  year={2010},
  publisher={Annual Reviews}
}
@inproceedings{tang2003asset,
  title={Asset return predictability and Bayesian model averaging},
  author={Tang, Dragon Yongjun},
  booktitle={14th Annual Conference on Financial Economics and Accounting (FEA)},
  year={2003}
}
@article{jacquier2011bayesian,
  title={Bayesian methods in finance},
  author={Jacquier, Eric and Polson, Nicholas},
  year={2011}
}
@article{ouysse2009bayesian,
  title={Bayesian Variable Selection and Estimation of Risk Premiums in the APT model},
  author={Ouysse, Rachida and Kohn, Robert},
  year={2009}
}
# bayesian tests
@article{shanken1987bayesian,
  title={A {Bayesian} approach to testing portfolio efficiency},
  author={Shanken, Jay},
  journal={Journal of financial economics},
  volume={19},
  number={2},
  pages={195--215},
  year={1987},
  publisher={Elsevier}
}
@article{harvey1990bayesian,
  title={{Bayesian} inference in asset pricing tests},
  author={Harvey, Campbell R and Zhou, Guofu},
  journal={Journal of Financial Economics},
  volume={26},
  number={2},
  pages={221--254},
  year={1990},
  publisher={Elsevier}
}
@article{avramov2006exact,
  title={An Exact Bayes Test of Asset Pricing Models with Application to International Markets},
  author={Avramov, Doron and Chao, John C},
  journal={The Journal of Business},
  volume={79},
  number={1},
  pages={293--324},
  year={2006},
  publisher={JSTOR}
}

@article{mcculloch1991bayesian,
  title={A {Bayesian} approach to testing the arbitrage pricing theory},
  author={McCulloch, Robert and Rossi, Peter E},
  journal={Journal of Econometrics},
  volume={49},
  number={1},
  pages={141--168},
  year={1991},
  publisher={Elsevier}
}
@article{chib1995marginal,
  title={Marginal likelihood from the Gibbs output},
  author={Chib, Siddhartha},
  journal={Journal of the American Statistical Association},
  volume={90},
  number={432},
  pages={1313--1321},
  year={1995},
  publisher={Taylor \& Francis Group}
}
@article{chib1996markov,
  title={Markov chain Monte Carlo simulation methods in econometrics},
  author={Chib, Siddhartha and Greenberg, Edward},
  journal={Econometric theory},
  volume={12},
  number={03},
  pages={409--431},
  year={1996},
  publisher={Cambridge Univ Press}
}
@article{chib1995hierarchical,
  title={Hierarchical analysis of {SUR} models with extensions to correlated serial errors and time-varying parameter models},
  author={Chib, Siddhartha and Greenberg, Edward},
  journal={Journal of Econometrics},
  volume={68},
  number={2},
  pages={339--360},
  year={1995},
  publisher={Elsevier}
}
@article{avramov2006exact,
  title={An Exact {B}ayes Test of Asset Pricing Models with Application to International Markets*},
  author={Avramov, Doron and Chao, John C},
  journal={The Journal of Business},
  volume={79},
  number={1},
  pages={293--324},
  year={2006},
  publisher={JSTOR}
}
@book{judd2011data,
  title={Data analysis: A model comparison approach},
  author={Judd, Charles M and McClelland, Gary H and Ryan, Carey S},
  year={2011},
  publisher={Routledge}
}
